<?xml version="1.0" encoding="UTF-8"?>
<collection xmlns:xsi="http://www.w3.org/2001/XMLSchema-instance" xsi:schemaLocation="http://www.loc.gov/MARC21/slim http://www.loc.gov/standards/marcxml/schema/MARC21slim.xsd" xmlns="http://www.loc.gov/MARC21/slim">
<record>
  <leader>00836mam a2200241 a 4500</leader>
  <controlfield tag="001">1426877</controlfield>
  <controlfield tag="003">NNC</controlfield>
  <controlfield tag="005">20121018005815.0</controlfield>
  <controlfield tag="008">880505s1984    ir       b    000 0 ara d</controlfield>
  <datafield tag="035" ind1=" " ind2=" ">
    <subfield code="a">(OCoLC)25817547</subfield>
  </datafield>
  <datafield tag="035" ind1=" " ind2=" ">
    <subfield code="a">(OCoLC)ocm25817547</subfield>
  </datafield>
  <datafield tag="035" ind1=" " ind2=" ">
    <subfield code="a">(CStRLIN)NJPG88-B23403</subfield>
  </datafield>
  <datafield tag="035" ind1=" " ind2=" ">
    <subfield code="9">AHU2690CU</subfield>
  </datafield>
  <datafield tag="035" ind1=" " ind2=" ">
    <subfield code="a">(NNC)1426877</subfield>
  </datafield>
  <datafield tag="040" ind1=" " ind2=" ">
    <subfield code="a">NjP</subfield>
    <subfield code="c">NjP</subfield>
  </datafield>
  <datafield tag="100" ind1="1" ind2=" ">
    <subfield code="a">Madanī, Riḍā.</subfield>
  </datafield>
  <datafield tag="240" ind1="1" ind2="0">
    <subfield code="a">Qiṣāṣ lil-fuqahāʼ wa-al-khawāṣṣ</subfield>
  </datafield>
  <datafield tag="245" ind1="1" ind2="0">
    <subfield code="a">Kitāb al-qiṣāṣ lil-fuqahāʾ wa-al-khawāṣṣ /</subfield>
    <subfield code="c">min muṣannafāt Riḍā al-Madanī (Kāshānī).</subfield>
  </datafield>
  <datafield tag="260" ind1=" " ind2=" ">
    <subfield code="a">[Qum] :</subfield>
    <subfield code="b">al-Maṭbaʻah al-ʻIlmīyah,</subfield>
    <subfield code="c">1405 [1984 or 1985]</subfield>
  </datafield>
  <datafield tag="300" ind1=" " ind2=" ">
    <subfield code="a">275 p. ;</subfield>
    <subfield code="c">24 cm.</subfield>
  </datafield>
  <datafield tag="504" ind1=" " ind2=" ">
    <subfield code="a">Includes bibliographical references.</subfield>
  </datafield>
  <datafield tag="650" ind1=" " ind2="0">
    <subfield code="a">Punishment (Islamic law)</subfield>
  </datafield>
  <datafield tag="740" ind1="0" ind2="1">
    <subfield code="a">Qiṣāṣ lil-fuqahāʾ wa-al-khawāṣṣ.</subfield>
  </datafield>
  <datafield tag="955" ind1=" " ind2=" ">
    <subfield code="b">CU70697922</subfield>
    <subfield code="d">off,glx</subfield>
    <subfield code="e">KBL .M24 1984g</subfield>
  </datafield>
</record>
</collection>